<?xml version="1.0" encoding="UTF-8"?><collection xmlns="http://www.loc.gov/MARC21/slim"><record><leader>00521nam--2200181-i-4500</leader><controlfield tag="001">000046303</controlfield><controlfield tag="002">20161230</controlfield><controlfield tag="005">20161230201045</controlfield><controlfield tag="008">060222s1000------------r-----000-0-ger-d</controlfield><datafield ind1=" " ind2=" " tag="040"><subfield code="a">IFIN-HH</subfield></datafield><datafield ind1=" " ind2=" " tag="041"><subfield code="a">ger</subfield></datafield><datafield ind1=" " ind2=" " tag="080"><subfield code="a">539.141(043)</subfield></datafield><datafield ind1="1" ind2=" " tag="100"><subfield code="a">Velazquez Campos, Homero Aquiles</subfield></datafield><datafield ind1="1" ind2="0" tag="245"><subfield code="a">Elektromagnetische proznesse bei leichten atomkernen</subfield><subfield code="b">Dissertation</subfield><subfield code="c">Homero aquiles velazquez campos</subfield></datafield><datafield ind1=" " ind2=" " tag="260"><subfield code="a">Tubingen</subfield><subfield code="b">Universitat</subfield><subfield code="c">1981</subfield></datafield><datafield ind1=" " ind2=" " tag="300"><subfield code="a">149 P</subfield></datafield><datafield ind1=" " ind2=" " tag="852"><subfield code="a">49569</subfield><subfield code="c">539.14</subfield></datafield><datafield ind1=" " ind2=" " tag="CAT"><subfield code="a">Sys</subfield><subfield code="c">20120404</subfield><subfield code="h">110856</subfield></datafield></record></collection>